@inproceedings{seide_transcription,
  title={Conversational speech transcription using context-dependent deep neural networks},
  author={Frank Seide and Gang Li and Dong Yu},
  booktitle={INTERSPEECH},
  year={2011}
}


@inproceedings{kruspe_phonerec2,
  author = {A. M. Kruspe},
  title = {{Bootstrapping a system for phoneme recognition and keyword spotting in unaccompanied singing}},
  booktitle = {17th International Conference on Music Information Retrieval (ISMIR)},
  year = 2016,
  address={New York, NY, USA}
}

@inproceedings{shazam,
  author = {Wang, A. L.},
  booktitle = {Proceedings of the 4th International Conference on Music Information Retrieval (ISMIR)},
  pages = {7--13},
  title = {{An industrial-strength audio search algorithm}},
  year = 2003,
  address = {Baltimore, MD, USA}
}



@Article {intro_voicesearch,
author       = {Ye-Yi Wang and Dong Yu and Yun-Cheng Ju and Alex Acero},
journal      = {IEEE Signal Processing Magazine (Special Issue on Spoken Language Technology)},
month        = {May},
publisher    = {Institute of Electrical and Electronics Engineers, Inc.},
title        = {An Introduction to Voice Search},
year         = {2008},
}

@article{yang_qbh,
 author = {Wang, Chung-Che and Jang, Jyh-Shing Roger},
 title = {Improving Query-by-singing/Humming by Combining Melody and Lyric Information},
 journal = {IEEE/ACM Trans. Audio, Speech and Lang. Proc.},
 issue_date = {April 2015},
 volume = {23},
 number = {4},
 month = apr,
 year = {2015},
 issn = {2329-9290},
 pages = {798--806}
 } 

@inproceedings{meinard_lyrics,
  author    = {Meinard M{\"{u}}ller and Frank Kurth and David Damm and Christian Fremerey and Michael Clausen},
  title     = {Lyrics-Based Audio Retrieval and Multimodal Navigation in Music Collections},
  booktitle = {Research and Advanced Technology for Digital Libraries, 11th European
               Conference, {ECDL} 2007},
  pages     = {112--123},
  year      = {2007},
  address = {Budapest, Hungary}
}


@INPROCEEDINGS{nist_trec,
    author = {John S. Garofolo and Cedric G. P. Auzanne and Ellen M. Voorhees},
    title = {{The TREC Spoken Document Retrieval Track: A Success Story}},
    booktitle = {in Text Retrieval Conference (TREC) 8},
    year = {2000},
    pages = {16--19}
}


@techreport{nist_cavg,
  author = {},
  number = {},
  institution = {NIST},
  title = {{The 2015 NIST Language Recognition Evaluation Plan (LRE15)}},
  year = 2015
}



@inproceedings{kruspe_lid2,
  author    = {Anna M. Kruspe},
  title     = {Improving Singing Language Identification through i-Vector Extraction},
  booktitle = {Proceedings of the 17th International Conference on Digital Audio
               Effects (DAFx-14)},
  pages     = {227--233},
  year      = {2014},
  address={Erlangen, Germany}
}

@article {lid_li_ma_lee,
	title = {{A Vector Space Modeling Approach to Spoken Language Identification}},
	journal = {IEEE Transactions on Audio, Speech \& Language Processing},
	volume = {15},
	year = {2007},
	pages = {271{\textendash}284},
	doi = {10.1109/TASL.2006.876860},
	author = {Haizhou Li and Bin Ma and Chin-Hui Lee}
}

@inproceedings{peche,
  author    = {Marius Peche and Marelie H. Davel and     Etienne Barnard},
  title     = {Phonotactic spoken language identification with limited training data},
  booktitle = {{INTERSPEECH} },
  pages     = {1537--1540},
  year      = {2007},
  address = {Antwerp, Belgium}
}

@inproceedings{lid_matejka,
  title={Phonotactic language identification using high quality phoneme recognition},
  author={Pavel Matejka and Petr Schwarz and Jan Cernocky and Pavel Chytil},
  booktitle={INTERSPEECH},
  year={2005}
}

@inproceedings{lid_li_ma,
 author = {Li, Haizhou and Ma, Bin},
 title = {A Phonotactic Language Model for Spoken Language Identification},
 booktitle = {Proceedings of the 43rd Annual Meeting on Association for Computational Linguistics},
 series = {ACL '05},
 year = {2005},
 location = {Ann Arbor, Michigan},
 pages = {515--522}
}

@phdthesis{phdthesis:berkling_phd,
    author = {Kay Margarethe Berkling},
    title = {Automatic Language Identification with Sequences of Language-Independent Phoneme Clusters},
    year = {1996},
    school={Oregon Graduate Institute of Science \& Technology}
}

@book{book:jurafsky,
 author    = {D. Jurafsky and J. H. Martin},
 title     = {{Speech and language processing: An introduction to Natural Language Processing, Computational Linguistics, and Speech Recognition}},
 publisher = {Prentice Hall},
 adress		 = {},
 year      = {2009},
 edition   = {}
 }

@phdthesis{phdthesis:thambiratnam,
	author = {A. J. K. Thambiratnam},
	title = {Acoustic keyword spotting in speech with applications to data mining},
	school = {Queensland University of Technology},
	year = {2005}
}

@phdthesis{phdthesis:jeffreysmith,
	author = {J. C. Smith},
	title = {Correlation analyses of encoded music performance},
	school = {Stanford University},
	year = {2013}
}

@inproceedings{dzhambazov_ismir,
	title={Searching Lyrical Phrases in A-Capella Turkish Makam Recordings},
	author={G. Dzhambazov and S. Sent\"{u}rk and X. Serra},
	booktitle={Proceedings of the 16th International Conference on Music Information Retrieval (ISMIR)},
	address={Malaga, Spain},
	year={2015}
}

@INPROCEEDINGS{aurora,
    author = {H.-G. Hirsch and D. Pearce},
    title = {The {Aurora} Experimental Framework for the Performance Evaluation of Speech Recognition Systems under Noisy Conditions},
    booktitle = {ISCA ITRW ASR},
    year = {2000},
    pages = {29--32}
}

@article{ntimit,
    author = {Jankowski, C. and Kalyanswamy, A. and Basson, S. and Spitz, J.},
    journal = {ICASSP},
    pages = {109--112},
    title = {{NTIMIT: A} Phonetically Balanced, Continuous Speech Telephone Bandwidth Speech Database},
    year = {1990}
}

@ARTICLE{flanagan,
    author = {J. L. Flanagan, R. M. Golden},
    title = {Phase vocoder},
    journal = {Bell System Technical Journal},
    year = {1966},
    month=NOV,
    pages = {1493--1509}
}

@ARTICLE{dolson,
    author = {M. Dolson},
    title = {The phase vocoder: A tutorial},
    journal = {Computer Music Journal},
    year = {1986},
    pages = {14--27},
    volume=10,
    number=4
}


@ARTICLE{mohamed,
    author = {A.-R. Mohamed and G. E. Dahl and G. Hinton},
    title = {Acoustic modeling using deep belief networks},
    journal = {IEEE Trans. Audio, Speech, Lang. Process},
    year = {2012},
    pages = {14--22}
}


@article{hunt,
  author = {Hunt, M. J.},
  journal = {Speech Communication},
  number = 4,
  pages = {329-336},
  title = {Figures of merit for assessing connected-word recognisers.},
  volume = 9,
  year = 1990
}


@INPROCEEDINGS{loscos,
    author = {A. Loscos and P. Cano and J. Bonada},
    title = {Low-Delay Singing Voice Alignment to Text},
    booktitle = {Proceedings of the ICMC},
    year = {1999}
}

@inproceedings{mesaros_alignment,
  author = {Mesaros, A. and Virtanen, T.},
  booktitle = {DaFX-08},
  title = {Automatic alignment of music audio and lyrics},
  year = 2008,
  address={Espoo, Finland}
}

@inproceedings{mesaros1,
  author = {Mesaros, A. and Virtanen, T.},
  booktitle = {ICASSP},
  pages = {2146-2149},
  publisher = {IEEE},
  title = {Recognition of phonemes and words in singing.},
  year = 2010
}

@article{mesaros2,
  author = {Mesaros, A. and Virtanen, T.},
  journal = {EURASIP J. Audio, Speech and Music Processing},
  title = {Automatic Recognition of Lyrics in Singing.},
  volume = 2010,
  year = 2010
}

@inproceedings{fujihara_phonemes,
  author = {Fujihara, H. and Goto, M. and Okuno, H. G.},
  booktitle = {WASPAA},
  pages = {17-20},
  publisher = {IEEE},
  title = {A novel framework for recognizing phonemes of singing voice in polyphonic music.},
  year = 2009
}


@INPROCEEDINGS{gruhne,
author = {M. Gruhne and K. Schmidt and C. Dittmar},
title = {Phoneme Recognition on Popular Music},
booktitle = {Proceedings of the 8th International Conference on Music Information Retrieval (ISMIR)},
year = {2007},
month = {September},
address = {Vienna, Austria},
}

@inbook{szepannek,
  author={G. Szepannek and M. Gruhne and B. Bischl and S. Krey and T. Harczos and F. Klefenz and C. Dittmar and C. Weihs},
  year= 2010, 
  chapter={Perceptually Based Phoneme Recognition in Popular Music}, 
  editor = {}, 
  title= {Classification as a tool for research}, 
  publisher= {Springer},
  address= {Heidelberg} 
}

@inbook{sundberg,
  author={J. Sundberg},
  year= 2012, 
  chapter={6. Perception of singing}, 
  editor = {D. Deutsch}, 
  title= {The Psychology of Music}, 
  publisher= {Academic Press},
  edition = 3
}

@inbook{goto_alignment,
  author={H. Fujihara and M. Goto},
  year= 2012, 
  chapter={Lyrics-to-audio alignment and its applications}, 
  editor = {M. M\"uller and M. Goto and M. Schedl}, 
  title= {Multimodal Music Processing}, 
  publisher= {Dagstuhl Follow-Ups}
}

@misc{ellis_pvoc,
  author = {D. P. W. Ellis},
  year = {2002},
  title = {A Phase Vocoder in {M}atlab},
  note = {Web resource, Last checked: 04/29/15},
  url = {http://www.ee.columbia.edu/~dpwe/resources/matlab/dtw/}
}

@misc{ellis_dtw,
  author = {D. P. W. Ellis},
  year = {2003},
  title = {{Dynamic Time Warp (DTW) in Matlab}},
  note = {Web resource, Last checked: 03/30/16},
  url = {http://www.ee.columbia.edu/~dpwe/resources/matlab/pvoc/}
}

@misc{autotunetoy,
  author = {C. Arft},
  year = {2010},
  title = {{AutoTune Toy}},
  note = {Web resource, Last checked: 4/29/15},
  url = {http://www.mathworks.com/matlabcentral/fileexchange/26337-autotune-toy}
}


@inproceedings{pylkkonen,
  author = {J. {Pylkkonen} and M. Kurimo},
  booktitle = {{EUROSPEECH}},
  pages = {},
  publisher = {},
  title = {Duration modeling techniques for continuous speech recognition},
  year = 2003
}

@inproceedings{juang,
  author = {Juang, B. H. and Rabiner, L. R. and Levinson, S. E. and Sondhi, M. M.},
  booktitle = {{IEEE Int. Conf. on Acoustics, Speech, and Signal Processing (ICASSP)}},
  pages = {},
  publisher = {},
  title = {Recent Developments in the Application of Hidden Markov Models to Speaker-Independent Isolated Word Recognition},
  year = 1985
}

@inproceedings{levinson,
  author = {S. E. Levinson},
  booktitle = {{IEEE Int. Conf. on Acoustics, Speech, and Signal Processing (ICASSP)}},
  pages = {},
  publisher = {},
  title = {Continuously variable duration hidden Markov models for speech analysis},
  year = 1986
}


@inproceedings{huang,
  author = {S. Huang and D. Karakos and G. A. Coppersmith and K. W. Church and S. M. Siniscalchi},
  booktitle = {{IEEE Workshop on Automatic Speech Recognition and Understanding (ASRU)}},
  pages = {342-347},
  publisher = {IEEE},
  title = {Bootstrapping a spoken language identification system using unsupervised integrated sensing and processing decision trees.},
  year = 2011
}



@inproceedings{szoeke2,
  author = {I. Szoeke and P. Schwarz and P. Matejka and L. Burget and M. Karafiat and M. Fapso and J. Cernocky},
  booktitle = {Interspeech},
  pages = {633-636},
  publisher = {ISCA},
  title = {Comparison of keyword spotting approaches for informal continuous speech.},
  year = 2005
}



@article{yu_kobayashi,
  author = {S.-Z. Yu and H. Kobayashi},
  journal = {IEEE Trans. on Signal Processing},
  month = May,
  number = 5,
  title = {{Practical implementation of an efficient forward-backward algorithm for an explicit-duration Hidden Markov Model}},
  volume = 54,
  year = 2006
}

@inproceedings{yoma,
  author = {N. B. Yoma and F. McInnes and M. Jack},
  title = {{Weighted Viterbi algorithm and state duration modeling for speech recognition in noise}},
  booktitle = {IEEE Int. Conf. on Acoustics, Speech, and Signal Processing (ICASSP)},
  year = 1998,
  address={}
}


@article{burshtein,
  author = {D. Burshtein},
  journal = {IEEE Trans. ASSP},
  month = May,
  number = 3,
  title = {{Robust parametric modeling of durations in Hidden Markov Models}},
  volume = 4,
  year = 1996
}


@inproceedings{ferguson,
  author = {J. D. Ferguson},
  title = {{Variable duration models for speech}},
  booktitle = {Proc. Symp. Applications Hidden Markov Models Text Speech},
  year = 1980,
  address={Princeton, NJ}
}


@inproceedings{kruspe_kws2,
	author = {A. M. Kruspe},
	title = {{Keyword spotting in a-capella singing with duration-modeled HMMs}},
	booktitle = {EUSIPCO},
	year = 2015,
	address={Nice, France}
}



@inproceedings{kruspe_kws1,
  author = {A. M. Kruspe},
  title = {{Keyword spotting in a-capella singing}},
  booktitle = {15th International Conference on Music Information Retrieval (ISMIR)},
  year = 2014,
  address={Taipei, Taiwan}
}



@inproceedings{kruspe_phonerec,
	author = {A. M. Kruspe},
	title = {{Training phoneme models for singing with "songified" speech data}},
	booktitle = {15th International Conference on Music Information Retrieval (ISMIR)},
	year = 2015,
	address={Malaga, Spain}
}

@inproceedings{anna_lid,
  author = {A. M. Kruspe and J. Abesser and C. Dittmar},
  title = {{A GMM approach to singing language identification}},
  booktitle = {53rd AES Conference on Semantic Audio},
  year = 2014,
  address={London, UK}
}

@article{mandal_kumar,
  author = {A. Mandal and K. R. P. Kumar and P. Mitra},
  journal = {International Journal of Speech Technology},
  month = Jun,
  number = 2,
  title = {Recent developments in spoken term detection: a survey},
  volume = 17,
  year = 2014,
  pages={183--198}
}

@inproceedings{syncglobal,
  author = {H. Grossmann and A. Kruspe and J. Abesser and H. Lukashevich},
  booktitle = {International Congress on Computer Science Information Systems and Technologies (CSIST)},
  title = {Towards Cross-Modal Search and Synchronization of Music and Video},
  year = 2011,
  address={Minsk, Belarus}
}

@inproceedings{ppm,
  added-at = {2013-01-25T00:00:00.000+0100},
  author = {K. Kintzley and A. Jansen and K. Church and H. Hermansky},
  booktitle = {INTERSPEECH},
  publisher = {ISCA},
  title = {Inverting the Point Process Model for Fast Phonetic Keyword Search.},
  year = 2012
}


@inproceedings{szoeke,
  author = {I. Szoe\9Ake and P. Schwarz and P. Matejka and L. Burget and M. Karafi\87at and J. Cernocky},
  booktitle = {TSD},
  editor = {V. Matousek and P. Mautner and T. Pavelka},
  pages = {302--309},
  publisher = {Springer},
  series = {Lecture Notes in Computer Science},
  title = {Phoneme Based Acoustics Keyword Spotting in Informal Continuous Speech.},
  volume = 3658,
  year = 2005
}


@techreport{jansen,
  author = {A. Jansen and P. Niyogi},
  number = {},
  institution = {Department of Computer Science, University of Chicago},
  title = {An experimental evaluation of keyword-filler hidden Markov models},
  year = 2009
}

@inproceedings{fujihara,
author = {H. Fujihara and M. Goto},
booktitle = {IEEE Int. Conf. on Acoustics, Speech and Signal Processing (ICASSP)},
address={Las Vegas, NV, USA},
pages = {69--72},
title = {{Three techniques for improving automatic synchronization between music and lyrics: Fricative detection, filler model, and novel feature vectors for vocal activity detection}},
year = {2008}
}

@article{mesaros,
  author = {A. Mesaros and T. Virtanen},
  journal = {EURASIP Journal on Audio, Speech, and Music Processing},
  month = Jan,
  number = 4,
  title = {Automatic recognition of lyrics in singing},
  volume = 2010,
  year = 2010
}

@inbook{kws_overview,
  author={A. Moyal and V. Aharonson and E. Tetariy and M. Gishri},
  year= 2013, 
  chapter={2: Keyword spotting methods}, 
  editor = {}, 
  title= {Phonetic Search Methods for Large Speech Databases}, 
  publisher= {Springer},
  address= {} 
}

@techreport{timit,
  author = {{J. S. Garofolo et al.}},
  number = {},
  institution = {Linguistic Data Consortium, Philadelphia},
  title = {{TIMIT Acoustic-Phonetic Continuous Speech Corpus}},
  year = 1993
}

@article{hermansky90,
  author = {Hermansky, H.},
  journal = {J. Acoust. Soc. Am.},
  month = Apr,
  number = 4,
  pages = {1738-52},
  title = {Perceptual Linear Predictive ({PLP}) Analysis of Speech},
  volume = 57,
  year = 1990
}

@misc{quicknet,
    author = {Johnson, D. },
    citeulike-article-id = {11150212},
    howpublished = {http://www.icsi.berkeley.edu/Speech/qn.html},
    posted-at = {2012-08-28 22:36:54},
    priority = {2},
    title = {{ICSI} Quicknet Software Package},
    year = {2004}
}

@INPROCEEDINGS{reynolds00,
    author = {D. A. Reynolds and T. F. Quatieri and R. B. Dunn},
    title = {Speaker verification using Adapted Gaussian mixture models},
    booktitle = {Digital Signal Processing},
    year = {2000},
    pages = {2000}
}

@inproceedings{Charbuillet2011,
author = {Charbuillet, C. and Tardieu, D. and Peeters, G.},
journal = {Conference on Digital Audio Effects (DAFx)},
number = {1},
pages = {1--4},
title = {{GMM Supervector for content based music similarity}},
year = {2011}
}

@techreport{nist2003lre,
  author = {A. Martin and M. Pryzbocki},
  number = {},
  institution = {Linguistic Data Consortium, Philadelphia},
  title = {{2003 NIST Language Recognition Evaluation}},
  year = 2006
}

@techreport{ogimultilang,
  author = {R. Cole and Y. Muthusamy},
  number = {},
  institution = {Linguistic Data Consortium, Philadelphia},
  title = {{OGI Multilanguage Corpus}},
  year = 1994
}

@inproceedings{Martinez2011,
author = {Martinez, D. and Plchot, O. and Burget, L.},
booktitle={Interspeech},
address={Florence, Italy},
month = {August},
pages = {861--864},
title = {{Language Recognition in iVectors Space}},
year = {2011}
}


@article{Dehak2011,
author = {Dehak, N. and Kenny, P. J. and Dehak, R. and Dumouchel, P. and Ouellet, P.},
journal = {IEEE Transactions on Audio, Speech, and Language Processing},
month = may,
number = {4},
pages = {788--798},
title = {{Front-End Factor Analysis for Speaker Verification}},
url = {http://ieeexplore.ieee.org/lpdocs/epic03/wrapper.htm?arnumber=5545402},
volume = {19},
year = {2011}
}

@inproceedings{kruspe_aes,
  author = {A. Kruspe and J. Abesser and C. Dittmar},
  booktitle = {AES 53},
  pages = {},
  title = {{A GMM approach to singing language identification}},
  year = 2014,
  address = {London, UK}
}


@inproceedings{brno,
  author = {{Martinez Gonzalez}, D. and Plchot, O. and Burget, L. and Glembek, O. and Matejka, P.},
  booktitle = {INTERSPEECH},
  pages = {861--864},
  title = {Language Recognition in iVectors Space.},
  year = 2011,
  address = {Florence, Italy}
}



@INPROCEEDINGS{matejka,
    author = {P. Matejka and I. Szoeke and P. Schwarz and J. Cernocky},
    title = {Automatic language identification using phoneme and automatically derived unit strings},
    booktitle = {Proceedings of 7th International Conference on Text, Speech, and Dialogue (TSD)},
    year = {2004},
    pages = {147--154},
    address = {Brno, Czech Republic}
}

@INPROCEEDINGS{yan_barnard,
    author = {Y. Yan and E. Barnard},
    title = {Experiments For An Approach To Language Identification With Conversational Telephone Speech},
    booktitle = {Proceedings of the IEEE International Conference on Acoustics, Speech, and Signal Processing (ICASSP)},
    year = {1996},
    pages = {789--792},
    address = {Atlanta, GA, USA}
}

@INPROCEEDINGS{prosody,
    author = {C.-Y. Lin and H.-C. Wang},
    title = {Language identification using pitch contour information},
    booktitle = {Proceedings of the IEEE International Conference on Acoustics, Speech, and Signal Processing (ICASSP)},
    year = {2005},
    pages = {601--604},
    publisher = {},
    address = {Philadelphia, PA, USA}
}

@inproceedings{dustor,
  author = {A. Dustor and P. Szwarc},
  title = {Spoken language identification based on GMM models},
  booktitle = {International conference on signals and electronic systems(ICSES)},
  year = {2010},
  address = {Gliwice, Poland},
  pages = {105--108}
  }


@inproceedings{torres,
  author = {P. A. Torres-Carrasquillo and E. Singer and M. A. Kohler and R. J. Greene and D. A. Reynolds and {J. R. Deller, Jr.}},
  title= {Approaches to language identification using Gaussian mixture models and shifted delta cepstral features},
  booktitle = {International Conference on Spoken Language Processing (ICSLP)},
  year = {2002},
  pages = {89--92},
  address = {Denver, CO, USA}
  }

@inproceedings{singer,
  author = {E. Singer and P. A. Torres-Carrasquillo and T. P. Gleason and W. M. Campbell and D. A. Reynolds},
  title = {Acoustic, phonetic, and discriminative approaches to automatic language identification},
  booktitle = {Proceedings of Eurospeech},
  year = {2003},
  pages = {1345--1348},
  address = {Geneva, Switzerland}
  }
  
@ARTICLE{campbell,
    author = {W. M. Campbell and J. P. Campbell and D. A. Reynolds and E. Singer and P. A. Torres-Carrasquillo},
    title = {Support vector machines for speaker and language recognition},
    journal = {Computer Speech and Language},
    year = {2006},
    volume = {20},
    pages = {210--229}
}
  
@inproceedings{bielefeld,
  author = {B. Bielefeld},
  title = {Language identification using shifted delta cepstrum},
  booktitle = {Fourteenth annual speech research symposium},
  year = {1994},
  address = {Baltimore, MD, USA}
  }
  
@inproceedings{allen,
  author = {F. Allen and E. Ambikairajah and J. Epps},
  title= {Language identification using Warping and the Shifted Delta Cepstrum},
  booktitle = {2005 IEEE 7th Workshop on Multimedia Signal Processing},
  year = {2006},
  pages = {1--4},
  address = {Shanghai, China}
  }
  
@inproceedings{chandrasekhar,
  author = {V. Chandraskehar and M. E. Sargin and D. A. Ross},
  title = {Automatic language identification in music videos with low level audio and visual features},
  booktitle = {Proceedings of the IEEE International Conference on Acoustics, Speech, and Signal Processing (ICASSP)},
  year = {2011},
  pages = {5724--5727},
  address = {Prague, Czech Republic}
  }

@INPROCEEDINGS{kruspe11,
    author = {A. Kruspe and H. Lukashevich and J. Abesser and H. Grossmann and C. Dittmar},
    title = {Automatic classification of musical pieces into global cultural areas},
    booktitle = {Proceedings of Audio Engineering Society 42nd Conference},
    year = {2011},
    address = {Ilmenau, Germany},
    pages = {44--53}
}

@INPROCEEDINGS{source_separation,
    author = {M. Vinyes and J. Bonada and A. Loscos},
    title = {Demixing Commercial Music Productions via Human-Assisted Time-Frequency Masking},
    booktitle = {Proceedings of Audio Engineering Society 120th Convention},
    year = {2006}
}
@INPROCEEDINGS{glass_ceiling,
    author = {{J.-J.} Aucouturier and F. Pachet},
    title = {Improving timbre similarity: How high is the sky?},
    booktitle = {Journal of Negative Results in Speech and Audio Sciences},
    year = {2004},
    volume = {1}
}

@INPROCEEDINGS{pedro,
    author = {C. Dittmar and P. Mercado and H. Grossmann and E. Cano},
    title = {Towards lyrics spotting in the {SyncGlobal} project},
    booktitle = {3rd International Workshop on Cognitive Information Processing (CIP)},
    year = {2012},
    pages = {}
}

@INPROCEEDINGS{jens,
    author = {J. K. Hansen},
    title = {Recognition of Phonemes in A-cappella Recordings using Temporal Patterns and Mel Frequency Cepstral Coefficients},
    booktitle = {9th Sound and Music Computing Conference (SMC)},
    year = {2012},
    pages = {494--499},
    address = {Copenhagen, Denmark}
}

@techreport{rasta_plp,
  author = {Hermansky, H. and Morgan, N. and Bayya, A. and Kohn, P.},
  number = {TR-91-069},
  institution = {ICSI},
  title = {{RASTA-PLP} Speech Analysis},
  year = 1991
}

@INPROCEEDINGS{traps1,
    author = {H. Hermansky and S. Sharma},
    title = {Traps -- Classifiers Of Temporal Patterns},
    booktitle = {Proceedings of the 5th International Conference on Spoken Language Processing (ICSLP)},
    year = {1998},
    pages = {1003--1006},
    publisher = {},
    address = {Sydney, Australia}
}

@INPROCEEDINGS{traps2,
    author = {H. Hermansky and S. Sharma},
    title = {{Temporal patterns (TRAPS) in ASR of noisy speech}},
    booktitle = {Proceedings of the IEEE International Conference on Acoustics, Speech, and Signal Processing (ICASSP)},
    year = {1999},
    pages = {289--292},
    publisher = {},
    address = {Phoenix, AZ, USA}
}


@inproceedings{jhu_lid1,
	author = {Huang, S. and Karakos, D. and Church, K. and Coppersmith, G.}, 
	title = {Bootstrapping a Spoken Language Identification System Using Unsupervised Integrated Sensing and Processing Decision Trees},
	booktitle = {IEEE Workshop on Automatic Speech Recognition and Understanding (ASRU)},
	year = {2011}
 }
 
 @inproceedings{jhu_lid2,
	author = {D. Farris and C. White and Khudanpur, S.},
	title = {Sample Selection for Automatic Language Identification},
	booktitle = {Proceedings of the IEEE International Conference on Acoustics Speech and Signal Processing},
	pages = {4225-4228},
	year = {2008}
	}
 
 @inproceedings{jhu_ks1,
	author = {Jansen, Aren and P. Niyogi},
	title = {Robust Keyword Spotting with Rapidly Adapting Point Process Models}, 
	booktitle = {Proc. of Interspeech},
	year = {2009}
 }
 
 @inproceedings{jhu_ks2,
	author = {J. Pinto and A. Lovitt and Hermansky, Hynek},
	title = {Exploiting Phoneme Similarities in Hybrid {HMM-ANN} Keyword Spotting},
	booktitle = {Proceedings of the International Conference on Spoken Language Processing},
	year = {2007}
 }

@inproceedings{jhu_ks3,
	author = {P. Fousek and Hermansky, Hynek},
	title = {Towards {ASR} Based on Hierarchical Posterior-Based Keyword Recognition},
	booktitle = {Proceedings of the IEEE International Conference on Acoustics, Speech and Signal Processing},
	year = {2006}
 }
 
 @article{zissman,
  author = {M. A. Zissman},
  title = {Comparison of four approaches to automatic language identification of telephone speech},
  journal = {IEEE Transactions on Speech and Audio Processing},
  month = JAN,
  year = {1996},
  volume = {4},
  number = {1},
  pages = {31--44},
  editor = {},
  series = {},
}

 @article{zissman_berkling,
  author = {M. A. Zissman and K. Berkling},
  title = {Automatic Language Identification},
  journal = {Speech Communication},
  year = {2001},
  volume = {35},
  number = {1-2},
  pages = {},
  editor = {},
  series = {},
}
 
  @article{muthusamy,
  author = {Y. K. Muthusamy and E. Barnard and R. A. Cole},
  title = {Reviewing automatic language identification},
  journal = {IEEE Signal Procesing Magazine},
  month = OCT,
  year = {1994},
  volume = {11},
  number = {4},
  pages = {33 -- 41},
  editor = {},
  series = {},
}

 @inproceedings{schwenninger,
  title = {Language Identification in Vocal Music},
  author = {J. Schwenninger and R. Brueckner and D. Willett and M. E. Hennecke},
  year = {2006},
  pages = {377--379},
  booktitle = {7th International Conference on Music Information Retrieval (ISMIR)},
  address = {Victoria, Canada}
}
 
 @inproceedings{mehrabani,
  title = {Language identification for singing},
  author = {M. Mehrabani and J. H. L. Hansen},
  year = {2011},
  pages = {4408--4411},
  booktitle = {Proceedings of the IEEE International Conference on Acoustics, Speech, and Signal Processing (ICASSP)},
  address = {Prague, Czech Republic}
}

@inproceedings{tsai_wang,
  author    = {W.-H. Tsai and H.-M. Wang},
  title     = {Towards Automatic Identification Of Singing Language In Popular Music Recordings},
  booktitle = {5th International Conference on Music Information Retrieval (ISMIR)},
  year      = {2004},
  pages = {568--576},
  address = {Barcelona, Spain}
}

@inproceedings{bridle,
  author    = {J. S. Bridle},
  title     = {An efficient elastic-template method for detecting given words in running speech},
  booktitle = {Brit. Acoust. Soc. Meeting},
  year      = {1973},
  pages = {1 -- 4}
}

@inproceedings{rose_paul,
  author    = {R. C. Rose and D. B. Paul},
  title     = {A hidden markov model based keyword recognition system},
  booktitle = {Proc. of the IEEE Int. Conf. on Acoustics, Speech, and Signal Processing (ICASSP)},
  year      = {1990},
  pages = {129 -- 132}
}
 
 @book{book:weltmusik,
 author    = {Simon Broughton and Kim Burton and Mark Ellingham and David Muddyman and Richard Trillo (Hrsg.)},
 title     = {Weltmusik},
 series    = {Rough Guide},
 publisher = {J. B. Metzler},
 adress		 = {Stuttgart, Weimar},
 year      = {2000},
 edition   = {}
 }

@book{diplomarbeit,
 author    = {Anna Marie Kruspe},
 title     = {Automatic classification of musical pieces into global cultural areas},
 series    = {Diploma thesis},
 publisher = {TU Ilmenau},
 year      = {2011},
 edition   = {}
 }
 
@article{article:comparative_analysis,
  author = {Emilia G\F3mez and Perfecto Herrera},
  title = {Comparative Analysis of Music Recordings from Western and Non-Western traditions by Automatic Tonal Feature Extraction},
  journal = {Empirical Musicology Review},
  year = {2008},
  volume = {3},
  number = {3},
  pages = {140-156},
  editor = {},
  series = {},
}

@article{article:computational_ethnomusicology,
  author = {George Tzanetakis and Ajay Kapur and W. Andrew Schloss and Matthew Wright},
  title = {Computational Ethnomusicology},
  journal = {Journal of Interdisciplinary Music Studies},
  year = {2007},
  volume = {1},
  number = {2},
  pages = {1-24}
}



@inproceedings{inproceedings:multi_domain_labeling,
author = {Hanna Lukashevich and Jakob Abe\DFer and Christian Dittmar and Holger Grossmann},
title = {From Multi-Labeling to Multi-Domain-Labeling: A novel two-dimensional approach to music genre classification},
year	= {2009},
pages = {},
booktitle = {10th International Society for Music Information Retrieval Conference (ISMIR)},
adress = {}
}

@inproceedings{inproceedings:cultural_style,
author = {Yuxiang Liu and Qiaoliang Xiang and Ye Wang and Lianhong Cai},
title = {Cultural style based music classification of audio signals},
year	= {2009},
pages = {},
booktitle = {IEEE International Conference on Acoustics, Speech and Signal Processing},
adress = {Taipei, Taiwan}
}


@inproceedings{inproceedings:low_level_song_level,
author = {Mart\EDn Haro and Perfecto Herrera},
title = {From Low-Level to Song-level percussion descriptors of polyphonic music},
year	= {2009},
pages = {},
booktitle = {10th International Society for Music Information Retrieval Conference (ISMIR)},
adress = {}
}
 
@inproceedings{inproceedings:music_and_geography,
author = {Emilia G\F3mez and Mart\EDn Haro and Perfecto Herrera},
title = {Music and Geography: Content description of musical audio from different parts of the world},
year	= {2009},
pages = {},
booktitle = {10th International Society for Music Information Retrieval Conference (ISMIR)},
adress = {}
}
 
%unused
@inproceedings{inproceedings:raag,
author = {Parag Chordia and Alex Rae},
title = {Real-Time Raag Recognition for Interactive Music},
year	= {2008},
pages = {},
booktitle = {International Conference on New Interfaces for Musical Expression (NIME)},
adress = {Genova, Italy}
}

%unused
@inproceedings{inproceedings:folk_music_hmm,
author = {Wei Chai and Barry Vercoe},
title = {Folk Music Classification Using Hidden Markov Models},
year	= {2001},
pages = {},
booktitle = {IC-AI},
adress = {Las Vegas, NV, USA}
}

@techreport{techreport:cuidado,
	author = {Geoffroy Peeters},
	institution = {CUIDADO I.S.T. project},
	title = {A large set of audio features for sound description (similarity and classification) in the CUIDADO project},
	year = {2004},
	publisher = {IRCAM}
}

%unused
@inproceedings{inproceedings:folk_neural_networks,
author = {Petri Toiviainen and Tuomas Eerola},
title = {A method for comparative analysis of folk music based on musical feature extraction and neural networks},
year	= {2001},
pages = {41-45},
booktitle = {Proceedings of  the 7th International Symposium on Systematic and Comparative Musicology and 3rd International Conference on Cognitive Musicology},
adress = {Jyv\E4skyl\E4, Finland}
}

@article{article:genre_classification,
  author = {George Tzanetakis and Perry Cook},
  title = {Musical Genre Classification of Audio Signals},
  journal = {IEEE Transactions on Speech and Audio Processing},
  year = {2002},
  volume = {10},
  number = {5},
  pages = {293-302}
}


@article{article:genre_survey,
  author = {Nicolas Scaringella and Giorgio Zoia and Daniel Mlynek},
  title = {Automatic genre classification of music content: a survey},
  journal = {IEEE Signal Processing Magazine},
  year = {2006},
  volume = {23},
  number = {2},
  pages = {133-141}
}

@incollection{incollection:mir,
	author = {J. Stephen Downie},
	title = {Music information retrieval},
	chapter = {7},
	booktitle = { Annual Review of Information Science and Technology 37},
	editor = {Blaise Cronin},
	year = {2003},
	pages = {295-340}
}

@inproceedings{inproceedings:ras,
author = {Eric Humphrey},
title = {Automatic Characterization of Digital Music for Rhythmic Auditory Stimulation},
year	= {2010},
pages = {},
booktitle = {11th International Society for Music Information Retrieval Conference (ISMIR)},
adress = {}
}

@inproceedings{inproceedings:western_taxonomy,
author = {Fran\E7ois Pachet and Daniel Cazaly},
title = {A Taxonomy of Musical Genres},
year	= {2000},
pages = {},
booktitle = {Content-Based Multimedia Information Access Conference (RIAO)},
adress = {Paris}
}

@book{book:garland,
author    = {Bruno Nettl and Ruth M. Stone and James Porter and Timothy Rice (Hrsg.)},
title     = {The Garland Encyclopedia of World Music},
publisher = {Garland},
adress		 = {},
year      = {1998},
edition   = {},
note   = "\url{http://glnd.alexanderstreet.com/}"
}

@misc{website:national_geographic,
 author	  = {Online-Quelle: National Geographic Society},
 title		= {Home: National Geographic World Music},
 note		  = "\url{http://worldmusic.nationalgeographic.com/}",
 year		  = {Letzte Pr\FCfung:}
 }
 
@misc{website:allmusic,
 author	  = {Online-Quelle: Rovi Corporation},
 title		= {allmusic},
 note		  = "\url{http://www.allmusic.com/}",
 year		  = {Letzte Pr\FCfung:}
 } 
 
 @book{book:clash_of_civilizations,
author    = {Samuel P. Huntington},
title     = {The Clash of Civilizations and the Remaking of World Order},
publisher = {Simon \& Schuster},
adress		 = {},
year      = {1996},
edition   = {}
}

@phdthesis{phdthesis:roughness,
  author = {Panteleimon Nestor Vassilakis},
  title = {Perceptual and Physical Properties of Amplitude Fluctuation and their Musical Significance},
  school = {University of California},
  year = {2001},
  address = {Los Angeles, CA, USA}
}

@article{article:roughness,
  author = {Pantelis N. Vassilakis},
  title = {Auditory Roughness as a Means of Musical Expression},
  journal = {Perspectives in Systematic Musicology},
  series = {Selected Reports in Ethnomusicology},
  year = {2005},
  volume = {12},
  pages = {119-144}
}


@inproceedings{inproceedings:h2a,
author = {Tim Pohle and Peter Knees and Klaus Seyerlehner and Gerhard Widmer},
title = {A High-Level Audio Feature for Music Retrieval and Sorting},
month = SEP,
year	= {2010},
pages = {},
booktitle = {13th Int. Conference on Digital Audio Effects (DAFx-10)},
adress = {Graz, Austria}
}

@article{article:chorus_section,
  author = {Masataka Goto},
  title = {A Chorus Section Detection Method for Musical Audio Signals and its Application to a Music Listening Station},
  journal = {IEEE Transactions on Audio, Speech and Language Processing},
  year = {2006},
  volume = {14},
  number = {5},
  month = SEP,
  pages = {1783-1794}
}

@book{book:helmholtz,
author    = {Hermann Helmholtz},
title     = {On the Sensations of Tone},
publisher = {Dover},
adress		 = {},
year      = {1954},
edition   = {}
}

@inproceedings{inproceedings:turkish_arel,
author = {Ali C. Gedik and Baris Bozkurt},
title = {Automatic Classification of Turkish Traditional Art Music Recordings by Arel Theory},
month = JUL,
year	= {2008},
pages = {},
booktitle = { Proceedings of the Conference on Interdisciplinary Musicology},
adress = {}
}

@phdthesis{phdthesis:tonal_description,
  author = {Emilia G\F3mez},
  title = {Tonal Description of Music Audio Signals},
  school = {Pompeu Fabra University},
  year = {2006},
  address = {Barcelona, Spain}
}

@book{book:atlas_musik1,
author    = {Ulrich Michels},
title     = {dtv-Atlas zur Musik},
publisher = {Deutscher Taschenbuch-Verlag, B\E4renreiter-Verlag},
adress		 = {},
year      = {1980},
month		 = SEP,
edition   = {5},
volume = {1}
}

@article{article:vibrato_measurements,
author = {E. Prame},
title = {Measurements of the vibrato rate of ten singers},
journal = {STL-QPSR},
year = {1992},
volume = {33},
number = {4},
pages = {73-86}
}

@inproceedings{inproceedings:vibrato_questions,
author = {Renee Timmers and Peter Desain},
title = {Vibrato: Questions and Answers from Musicians and Science},
month = {},
year	= {2000},
pages = {},
booktitle = { Proceedings of 6th ICMP},
adress = {}
}

@inproceedings{inproceedings:singing_voice_detection,
author = {Lise Regnier and Geoffroy Peeters},
title = {Singing voice detection in music tracks using direct voice vibrato detection},
month = {},
year	= {2009},
pages = {1685-1688},
booktitle = {IEEE International Conference on Acoustics, Speech and Signal Processing (ICASSP)},
adress = {}
}

 @book{book:wohltemperierte_gehirn,
 author    = {Robert Jourdain},
 title     = {Das wohltemperierte Gehirn. Wie Musik im Kopf entsteht und wirkt},
 series    = {},
 publisher = {Spektrum Akademischer Verlag},
 adress		 = {Heidelberg, Berlin},
 year      = {2001},
 edition   = {}
 }

@phdthesis{phdthesis:automatic_transcription,
  author = {W. Andrew Schloss},
  title = {On the automatic transcription of percussive music - from acoustic signal to high-level analysis},
  school = {Stanford University, Department of Music},
  year = {1985},
  address = {Stanford, CA, USA}
}


@article{article:pulse_salience,
author = {Richard Parncutt},
title = {A Perceptual Model of Pulse Salience and Metrical Accent in Musical Rhythms},
journal = {Music Perception},
year = {1994},
volume = {11},
number = {4},
pages = {409-464}
}

@article{article:birth_of_the_blues,
author = {J. M. Gibson},
title = {The birth of the blues: How physics underlies music},
journal = {Reports on Progress in Physics},
year = {2009},
volume = {72},
number = {7},
pages = {}
}

@article{article:roughness_critical_bands,
author = {R. Plomp and W. J. M. Levelt},
title = {Tonal Consonance and Critical Bandwidth},
journal = {Journal of the Acoustical Society of America},
year = {1965},
volume = {38},
number = {},
pages = {548-560}
}

@article{article:patterns_in_music,
author = {Joseph A. Barone},
title = {Patterns in Music},
journal = {Expedition},
year = {1960},
volume = {3},
number = {1},
pages = {29-31}
}

@article{article:scales_biological_rationale,
author = {Kamraan Z. Gill and Dale Purves},
title = {A Biological Rationale for Musical Scales},
journal = {PLoS ONE},
month	= DEC,
year = {2009},
volume = {4},
number = {12},
pages = {}
}

@article{article:children_implicit_harmony,
author = {E. Glenn Schellenberg and Emmanuel Bigand and Benedicte Poulin-Charronnat and C\E9cilia Garnier and Catherine Stevens},
title = {Children's implicit knowledge of harmony in Western music},
journal = {Developmental Science},
year = {2005},
volume = {8},
number = {6},
pages = {551-566}
}

@inproceedings{inproceedings:analysis_meter,
author = {A. P. Klapuri and A. J. Eronen and J. T. Astola},
title = {Analysis of the meter of acoustic musical signals},
month = {},
year	= {2004},
pages = {342-355},
booktitle = {IEEE Trans. Speech and Audio Processing},
adress = {}
}

@article{article:mood_detection,
author = {Lie Lu and Dan Liu and Hong-Jiang Zhang},
title = {Automatic Mood Detection and Tracking of Music Audio Signals},
journal = {IEEE Transactions on Audio, Speech and Language Processing},
year = {2006},
month = JAN,
volume = {14},
number = {1},
pages = {5-18}
}

@article{article:scheirer,
author = {Eric D. Scheirer},
title = {Tempo and beat analysis of acoustic musical signals},
journal = {J. Acoust. Soc. Am.},
year = {1998},
month = JAN,
volume = {103},
number = {1},
pages = {588-601}
}

@inproceedings{inproceedings:cyclic_beat_spectrum,
author = {Frank Kurth and Thorsten Gehrmann and Meinard M\FCller},
title = {The Cyclic Beat Spectrum: Tempo-Related Audio Features for Time-Scale Invariant Audio Identification},
month = {},
year	= {2006},
pages = {35-40},
booktitle = {Proc. of the 7th Int. Conf. on MIR},
adress = {}
}

@article{article:quatieri,
author = {Robert J. McAulay and Thomas F. Quatieri},
title = {Speech Analysis/Synthesis Based on a Sinusoidal Representation},
journal = {IEEE Transactions on Acoustics, Speech, and Signal Processing},
year = {1986},
month = AUG,
volume = {34},
number = {4},
pages = {744-754}
}

@inproceedings{inproceedings:dressler,
author = {Karin Dressler},
title = {Sinusoidal Extraction using an efficient implementation of a multi-resolution {FFT}},
month = SEP,
year	= {2006},
pages = {247-252},
booktitle = {Proc. of the 9th Int. Conference on Digital Audio Effects (DAFx-06)},
adress = {}
}

 @book{book:sethares,
 author    = {William A. Sethares},
 title     = {Tuning, Timbre, Spectrum, Scale},
 publisher = {Springer Verlag},
 adress		 = {London},
 year      = {1998},
 edition   = {}
 }

@article{article:pressnitzer,
author = {Daniel Pressnitzer and Stephen McAdams},
title = {Two phase effects in roughness perception},
journal = {J. Acoust. Soc. Am.},
year = {1999},
month = MAY,
volume = {105},
number = {5},
pages = {2773-2782}
}

@inproceedings{inproceedings:separation_harmonic_percussive,
author = {Nobutaka Ono and Kenichi Miyamoto and Jonathan Le Roux and Hirokazu Kameoka and Shigeki Sagayama},
title = {Separation of a monaural audio signal into harmonic/percussive components by complementary diffusion on spectrogram},
month = AUG,
year	= {2008},
pages = {},
booktitle = {Proceedings of the 16th European Signal Processing Conference (EUSIPCO)},
adress = {}
}

@techreport{techreport:practical_svm,
  author = {Chih-Wei Hsu and Chih-Chung Chang and Chih-Jen Lin},
  institution = {Department of Computer Science and Information Engineering, National Taiwan University, Taipei 106, Taiwan},
  title = {A Practical Guide to Support Vector Classification},
  year = 2010,
}

@article{article:intro_svm,
  author = {Dustin Boswell},
  title = {Introduction to Support Vector Machines},
  year = 2002,
}

@misc{misc:libsvm,
    author = {Chih-Chung Chang and Chih-Jen Lin},
    title = {{LIBSVM} - A Library for Support Vector Machines},
    year = {2001},
    URL = {http://www.csie.ntu.edu.tw/\~cjlin/libsvm/}
 }

@article{article:svm_tutorial,
  author = {Christopher J. C. Burges},
  title = {A tutorial on support vector machines for pattern recognition},
  journal = {Data mining and knowledge discovery},
  number = 2,
  pages = {121-167},
  volume = 2,
  year = 1998,
}

@inproceedings{irmfsp,
author = {G. Peeters and X. Rodet},
title = {Hierarchical Gaussian Tree with Inertia Ratio Maximization for the classification of large musical instrument databases},
month = SEP,
year	= {2003},
pages = {1-6},
booktitle = {Proc. of the 6th Int. Conference on Digital Audio Effects (DAFX-03)},
adress = {London, UK}
}

@inproceedings{inproceedings:fs_vs_fst,
author = {Hanna Lukashevich},
title = {Feature Selection vs. Feature Space Transformation in Automatic Music Genre Classification Tasks},
month = MAY,
year	= {2009},
pages = {},
booktitle = {Proceedings of the 126th AES Convention},
adress = {Munich, Germany}
}

@article{article:representing_musical_genre,
  author = {Jean-Julian Aucouturier and Fran\E7ois Pachet},
  title = {Representing Musical Genre: A State of the Art},
  number = 1,
  pages = {83-93},
  journal = {Journal of New Music Research},
  volume = 32,
  year = 2003,
}

@inproceedings{inproceedings:epcp,
author = {Kyogu Lee},
title = {Automatic Chord Recognition from Audio Using Enhanced Pitch Class Profile},
month = {},
year	= {2006},
pages = {},
booktitle = {Proc. Intl. Computer Music Conf. (ICMC)},
adress = {New Orleans, USA}
}

@inproceedings{inproceedings:genre_multilinear,
author = {Ioannis Panagakis and Emmanouil Benetos and Constantine Kotropoulos},
title = {Music Genre Classification: A Multilinear Approach},
month = {},
year	= {2008},
pages = {583-588},
booktitle = {9th International Society for Music Information Retrieval Conference (ISMIR)},
adress = {}
}

@inproceedings{inproceedings:modulation_spectral_contrast_feature,
author = {Chang-Hsing Lee and Jau-Ling Shih and Kun-Ming Yu and Jung-Mau Su},
title = {Automatic Music Genre Classification using Modulation Spectral Contrast Feature},
month = {},
year	= {2007},
pages = {204-207},
booktitle = {Proc. of the IEEE Intl. Conf. on Multimedia and Expo (ICME)},
adress = {}
}

@inproceedings{inproceedings:genre_high_level,
author = {Cory McKay and Ichiro Fujinaga},
title = {Automatic Genre Classification using large High-Level musical feature sets},
month = {},
year	= {2004},
pages = {},
booktitle = {Proc. of the Intl. Conf. on Music Information Retrieval (ISMIR)},
adress = {}
}

@inproceedings{inproceedings:genre_bass,
author = {Jakob Abe\DFer and Hanna Lukashevich and Christian Dittmar and Gerald Schuller},
title = {Genre classification using bass-related high-level features and playing styles},
month = {},
year	= {2009},
pages = {},
booktitle = {Proc. of the Intl. Conf. on Music Information Retrieval (ISMIR)},
adress = {Kobe, Japan}
}

@inproceedings{inproceedings:musical_memory,
author = {Polina Proutskova},
title = {Musical Memory of the World - Data infrastructure in ethnomusicological archives},
month = {},
year	= {2007},
pages = {},
booktitle = {Proc. of the Intl. Conf. on Music Information Retrieval (ISMIR)},
adress = {}
}
@inproceedings{inproceedings:latin_genre,
author = {Thomas V\F6lkel and Jakob Abe\DFer and Christan Dittmar and Holger Gro\DFmann},
title = {Automatic Genre Classification of Latin American Music using Characteristic Rhythmic Patterns},
month = {},
year	= {2010},
pages = {},
booktitle = {Proceedings of the Audio Mostly Conference},
adress = {Pitea, Sweden}
}

@inproceedings{inproceedings:global_access,
author = {Olmo Cornelis and Dirk Moelants and Marc Leman},
title = {Global Access to Ethnic Music: The next big Challenge?},
month = {},
year	= {2009},
pages = {},
booktitle = {Proc. of the Intl. Conf. on Music Information Retrieval (ISMIR)},
adress = {Kobe, Japan}
}

@inproceedings{inproceedings:latin_ensemble_classifiers,
author = {Carlos N. {Silla Jr.} and Celso A. A. Kaestner and Alessandro L. Koerich},
title = {Automatic music genre classification using ensemble of classifiers},
month = OCT,
year	= {2007},
pages = {1687-1692},
booktitle = {Proceedings of the IEEE International Conference on Systems, Man and Cybernetics},
adress = {Montr\E9al, Canada}
}

@inproceedings{inproceedings:rhythmic_turkish,
author = {Andre Holzapfel and Yannis Stylianou},
title = {Rhythmic Similarity in traditional Turkish music},
month = {},
year	= {2009},
pages = {},
booktitle = {Proc. of the Intl. Conf. on Music Information Retrieval (ISMIR)},
adress = {Kobe, Japan}
}

@inproceedings{inproceedings:african_tone_scales,
author = {Dirk Moelants and Olmo Cornelis and Marc Leman},
title = {Exploring African Tone Scales},
month = {},
year	= {2009},
pages = {},
booktitle = {Proc. of the Intl. Conf. on Music Information Retrieval (ISMIR)},
adress = {Kobe, Japan}
}

@article{article:mir_for_nonwestern_music,
  author = {Thomas Lidy and Carlos N. {Silla Jr.} and Olmo Cornelis and Fabien Gouyon and Andreas Rauber and Celso A. A. Kaestner and Alessandro L. Koerich},
  title = {On the suitability of state-of-the-art music information retrieval methods for analyzing, categorizing and accessing non-Western and ethnic music collections},
  journal = {Signal Processing},
  number = 90,
  pages = {1032-1048},
  volume = {},
  year = 2010,
}

 @book{book:information_retrieval,
 author    = {Christopher D. Manning and Prabhakar Raghavan and Hinrich Sch\FCtze},
 title     = {An Introduction to Information Retrieval},
 publisher = {Cambridge University Press},
 adress		 = {Cambridge, England},
 year      = {2009},
 edition   = {},
 chapter	= {8: Evaluation in information retrieval}
 }

@techreport{techreport:kefir,
	author = {Kay Wolter},
	institution = {Fraunhofer IDMT},
	title = {{kefir Guide}},
	year = {2010},
	publisher = {}
}

@article{article:sachs_hornbostel,
  author = {Erich M. von Hornbostel and Curt Sachs},
  title = {{Systematik der Musikinstrumente - Ein Versuch}},
  journal = {Zeitschrift f\FCr Ethnologie},
  number = {4-5},
  pages = {553-590},
  volume = 46,
  year = 1914,
}
